@misc{CalcVarBSchmidt,
  title = {Variationsrechnung Vorlesungskript Wintersemester 2012/13},
  howpublished = {\url{https://www.yumpu.com/de/document/view/24802500/variationsrechnung-am-institut-fur-mathematik-der-universitat-}},
  note = {Accessed: 2022-10-21}
}

@misc{CalcVar,
  title = {Lectures Notes Calculus of Variations},
  howpublished = {\url{https://www.math.uni-hamburg.de/home/schmidt/lectures/CalcVar.pdf}},
  note = {Accessed: 2022-10-20}
}

@book{CalcVarJost,
  title     = "Calculus of Variations",
  author    = "Jürgen Jost, Xianqing Li-Jost",
  year      = 1998,
  publisher = "Cambridge University Press"
}

@book{ElstrodtMeas,
title = "Maß- und Integrationstheorie",
author = "Jürgen Elstrodt",
year = 2009,
publisher = "Springer Berlin, Heidelberg"
}

@misc{Sailboat,
  title = {Sailboat trajectory optimization problem},
  howpublished = {\url{https://www.researchgate.net/figure/Sailboat-trajectory-optimization-problem-example-admissible-trajectories-connecting_fig1_304251055}},
  note = {Accessed: 2022-10-21}
}

@misc{BochnerInt,
  title = {Messbarkeit und Integrierbarkeit in Banachräumen},
  howpublished = {\url{http://aurora.asc.tuwien.ac.at/~funkana/downloads_general/sem_schindler.pdf}},
  note = {Accessed: 2022-10-24}
}

@book{FunkAnaAlt,
  title     = "Lineare Funktionalanalysis",
  author    = "Hans Wilhelm Alt",
  year      = 2012,
  publisher = "Springer Berlin, Heidelberg"
}

@misc{ConvexEnvelope,
  title = {Fig. 1},
  howpublished = {\url{https://link.springer.com/article/10.1007/s10915-017-0522-8/figures/1}},
  note = {Accessed: 2022-11-02}
}

@misc{ObstacleProblem,
  title = {Example of an obstacle problem},
  howpublished = {\url{https://www.researchgate.net/figure/Example-of-an-obstacle-problem_fig1_346154581}},
  note = {Accessed: 2022-11-02}
}